@book{QC&CI,
    author={Michael A. Nielsen and Isaac L. Chuang},
    title={Quantum Computation and Quantum Information, 10th Anniversary Edition},
    publisher={Cambridge University Press},
    year={2010}
}

@inproceedings{Exorcism2,
    author = {Song, Ning and Perkowski, Marek},
    year = {1993},
    month = {01},
    pages = {132-137},
    title = {EXORCISM-MV-2: Minimization of Exclusive Sum of Products Expressions for Multiple-Valued Input Incompletely Specified Functions.},
    doi = {10.1109/ISMVL.1993.289569}
}

@inproceedings{ESOPtoTFL,
    author = {Fazel, K. and Thornton, Mitch and Rice, Jacqueline},
    year = {2007},
    month = {09},
    pages = {206 - 209},
    title = {ESOP-based Toffoli Gate Cascade Generation},
    isbn = {978-1-4244-1190-0},
    journal = {IEEE Pacific RIM Conference on Communications, Computers, and Signal Processing - Proceedings},
    doi = {10.1109/PACRIM.2007.4313212}
}

@article{VarReordWaveCasc,
    author={Dimitrios Voudouris and Marinos Sampson and George Papakonstantinou},
    title={Variable Reordering for Reversible Wave Cascades.},
    howpublished={National Technical University of Athens, Greece}
}

@article{QCL,
    author={Ashok Muthukrishnan},
    title={Classical and Quantum Logic Gates: An Introduction to Quantum Computing},
    howpublished={Rochester Center for Quantum Information (RCQI)},
    year={1999}
}

@misc{QCS,
    author={Jonathan Hui},
    title={Quantum Computing Series},
    howpublished={Strona: \url{https://medium.com/@jonathan_hui/qc-quantum-computing-series-10ddd7977abd}},
    year={2017},
}

@misc{CL,
    author={Antoni Ligęza},
    title={Elementy logiki dla informatyków, Wykład III, Elementy logiki. Algebra Boole’a. Analiza i synteza układów logicznych},
    howpublished={Strona: \url{https://ai.ia.agh.edu.pl/_media/pl:dydaktyka:logic:logika-boole-synthesis-9.pdf}},
}
